@online{w3-box,
	title = {CSS Box Model Module Level 3},
	date = {2020-12-22},
	url = {https://www.w3.org/TR/css-box-3/},
	organization = {W3},
	author={W3},
	urldate = {2021-07-16},
}

@online{w3-link,
	title = {HTML $<$link$>$ Tag},
	url = {https://www.w3schools.com/Tags/tag_link.asp},
	organization = {W3 Schools},
	author={{W3 Schools}},
	urldate = {2021-07-16},
}

@online{w3-html-attribute,
	title = {HTML Attribute Reference},
	url = {https://www.w3schools.com/tags/ref_attributes.asp},
	organization = {W3 Schools},
	author={{W3 Schools}},
	urldate = {2021-09-03},
}

@online{html-table,
	title = {HTML/Tabellen/Aufbau einer Tabelle},
	url = {https://wiki.selfhtml.org/wiki/HTML/Tabellen/Aufbau_einer_Tabelle},
	organization = {selfhtml},
	urldate = {2021-07-16},
}

@online{html-input,
	title = {The HTML5 input types},
	url = {https://developer.mozilla.org/en-US/docs/Learn/Forms/HTML5_input_types},
	organization = {Mozilla},
	author={Mozilla},
	urldate = {2021-07-16},
}

@online{css-centre,
	title = {How to Horizontally Center a Div with CSS},
	url = {https://www.w3docs.com/snippets/css/how-to-horizontally-center-a-div-with-css.html},
	organization = {W3 Docs},
	author={{W3 Docs}},
	urldate = {2021-07-16},
}

@online{vue,
	title = {Vue Guide - Introduction},
	url = {https://v3.vuejs.org/guide/introduction.html},
	organization = {VueJS},
	author={{VueJS}},
	urldate = {2021-07-18},
}

@online{network-topology,
	title = {IP Stack Connections},
	url = {https://en.wikipedia.org/wiki/Internet_protocol_suite#/media/File:IP_stack_connections.svg},
	author={{Kbrose}},
	urldate = {2021-09-05},
}
@online{routing-reroute,
	title = {Internet Packet Switching Reroute},
	url = {https://upload.wikimedia.org/wikipedia/commons/thumb/4/43/CPT-internet-packetswitching-reroute.svg/300px-CPT-internet-packetswitching-reroute.svg.png},
	urldate = {2021-09-05},
}

@online{vue-template,
	title = {Vue Guide - Template},
	url = {https://v3.vuejs.org/guide/template-syntax.html},
	organization = {VueJS},
	author={{VueJS}},
	urldate = {2021-07-18},
}

@online{vue-component,
	title = {Vue Guide - Components},
	url = {https://v3.vuejs.org/guide/component-basics.html},
	organization = {VueJS},
	author={{VueJS}},
	urldate = {2021-07-18},
}


@online{doctype,
	title = {HTML Living Standard},
	date = {2021-07-14},
	url = {https://html.spec.whatwg.org/multipage/syntax.html#the-doctype},
	organization = {WHATWG},
	author={{WHATWG}},
	urldate = {2021-07-18},
}

@online{onload,
	title = {GlobalEventHandlers.onload},
	url = {https://developer.mozilla.org/en-US/docs/Web/API/GlobalEventHandlers/onload},
	organization = {Mozilla},
	author={Mozilla},
	urldate = {2021-07-18},
}

@online{tofixed,
	title = {Number.prototype.toFixed()},
	url = {https://developer.mozilla.org/en-US/docs/Web/JavaScript/Reference/Global_Objects/Number/toFixed},
	organization = {Mozilla},
	author={Mozilla},
	urldate = {2021-07-18},
}

@online{mozilla-css,
	title = {CSS Tutorial},
	url = {https://www.w3schools.com/Css/},
	organization = {Mozilla},
	author={Mozilla},
	urldate = {2021-07-18},
}

@online{google-responsive,
	title = {Responsive Web Design Basics},
	url = {https://web.dev/responsive-web-design-basics/},
	date={2020-04-14},
	organization = {Google},
	author={Pete Lepage and Rachel Andrew},
	urldate = {2021-07-25},
}

@online{w3-video,
	title = {HTML Video},
	url = {https://www.w3schools.com/html/html5_video.asp},
	organization = {W3 Schools},
	author={{W3 Schools}},
	urldate = {2021-07-25},
}

@online{w3-audio,
	title = {The HTML <audio> Element},
	url = {https://www.w3schools.com/html/html5_audio.asp},
	organization = {W3 Schools},
	author={{W3 Schools}},
	urldate = {2021-07-25},
}

@online{w3-geo,
	title = {HTML Geolocation API},
	url = {https://www.w3schools.com/html/html5_geolocation.asp},
	organization = {W3 Schools},
	author={{W3 Schools}},
	urldate = {2021-07-25},
}

@online{w3-drag,
	title = {HTML Drag and Drop API},
	url = {https://www.w3schools.com/html/html5_draganddrop.asp},
	organization = {W3 Schools},
	author={{W3 Schools}},
	urldate = {2021-07-25},
}

@online{moz-font-face,
	title = {@font-face},
	url = {https://developer.mozilla.org/en-US/docs/Web/CSS/@font-face},
	organization = {Mozilla},
	author={Mozilla},
	urldate = {2021-07-25},
}


@online{moz-box-shadow,
	title = {box-shadow},
	url = {https://developer.mozilla.org/en-US/docs/Web/CSS/box-shadow},
	organization = {Mozilla},
	author={Mozilla},
	urldate = {2021-07-25},
}

@online{moz-canvas,
	title = {HTML Canvas Graphics},
	url = {https://www.w3schools.com/html/html5_canvas.asp},
	organization = {Mozilla},
	author={Mozilla},
	urldate = {2021-07-25},
}

@online{w3-border-top-left,
	title = {CSS border-top-left-radius Property},
	url = {https://www.w3schools.com/CSSref/css3_pr_border-top-left-radius.asp},
	organization = {W3 Schools},
	author={{W3 Schools}},
	urldate = {2021-07-25},
}

@online{js-delay,
	title = {How to add a delay in a JavaScript loop?},
	url = {https://www.geeksforgeeks.org/how-to-add-a-delay-in-a-javascript-loop/},
	date ={2019-09-27},
	organization = {Geeks for Geeks},
	author={{Geeks for Geeks}},
	urldate = {2021-07-25},
}

@online{string-methods,
	title = {JavaScript String Methods},
	url = {https://www.w3schools.com/js/js_string_methods.asp},
	organization = {W3 Schools},
	author={{W3 Schools}},
	urldate = {2021-07-29},
}



@online{array-methods,
	title = {JavaScript Array Methods},
	url = {https://www.w3schools.com/js/js_array_methods.asp},
	organization = {W3 Schools},
	author={{W3 Schools}},
	urldate = {2021-07-29},
}


@online{number-methods,
	title = {JavaScript Number Methods},
	url = {https://www.w3schools.com/js/js_number_methods.asp},
	organization = {W3 Schools},
	author={{W3 Schools}},
	urldate = {2021-07-29},
}


@online{vue-computed,
	title = {Computed Properties},
	url = {https://vuejs.org/v2/guide/computed.html},
	organization = {VueJs},
	urldate = {2021-07-29},
}

@online{vue-class,
	title = {Class and Style Bindings},
	url = {https://vuejs.org/v2/guide/class-and-style.html},
	organization = {VueJs},
	urldate = {2021-07-29},
}



@online{vue-conditional,
	title = {Conditional Rendering},
	url = {https://vuejs.org/v2/guide/conditional.html},
	organization = {VueJs},
	urldate = {2021-07-29},
}
@online{vue-router,
	title = {Getting Started},
	url = {https://next.router.vuejs.org/guide/#javascript},
	organization = {VueJs},
	urldate = {2021-08-27},
}

@online{vuex,
	title = {Vuex Guide},
	url = {https://vuex.vuejs.org/guide/},
	organization = {VueJs},
	urldate = {2021-08-27},
}

@online{vue-composition,
	title = {Vue Composition API},
	url = {https://v3.vuejs.org/guide/composition-api-introduction.html#why-composition-api},
	organization = {VueJs},
	urldate = {2021-08-27},
}



@online{vue-list,
	title = {List Rendering},
	url = {https://vuejs.org/v2/guide/list.html},
	organization = {VueJs},
	urldate = {2021-07-29},
}



@online{vue-event,
	title = {Event Handling},
	url = {https://vuejs.org/v2/guide/events.html},
	organization = {W3 Schools},
	author={{W3 Schools}},
	urldate = {2021-07-29},
}



@online{vue-form,
	title = {Form Input Bindings},
	url = {https://vuejs.org/v2/guide/forms.html},
	organization = {W3 Schools},
	author={{W3 Schools}},
	urldate = {2021-07-29},
}



@online{vue-component,
	title = {Components Basics},
	url = {https://vuejs.org/v2/guide/components.html},
	organization = {W3 Schools},
	author={{W3 Schools}},
	urldate = {2021-07-29},
}

@online{viewport-example,
	title = {Responsive Web Design - The Viewport},
	url = {https://www.w3schools.com/css/css_rwd_viewport.asp},
	organization = {W3 Schools},
	author={{W3 Schools}},
	urldate = {2021-09-04},
}

@online{stanford-internet,
	title = {How Does the Internet Work?},
	date={2002}
	url={https://web.stanford.edu/class/msande91si/www-spr04/readings/week1/InternetWhitepaper.htm},
	organization = {Pomeroy IT Solutions},
	author={{Rus Shuler}},
	urldate = {2021-07-29},
}

@online{w3-scroll,
	title = {How To Create Custom Scrollbars},
	url = {https://www.w3schools.com/howto/howto_css_custom_scrollbar.asp},
	organization = {W3 Schools},
	author={{W3 Schools}},
	urldate = {2021-08-05},
}

@online{mutation-observer,
	title = {MutationObserver},
	url = {https://developer.mozilla.org/en-US/docs/Web/API/MutationObserver},
	organization = {Mozilla},
	author={Mozilla},
	urldate = {2021-08-27},
}

@online{intersection-observer,
	title = {IntersectionObserver},
	url = {https://developer.mozilla.org/en-US/docs/Web/API/IntersectionObserver},
	organization = {Mozilla},
	author={Mozilla},
	urldate = {2021-08-27},
}
@online{mozilla-transitions,
	title = {Using CSS transitions},
	url = {https://developer.mozilla.org/en-US/docs/Web/CSS/CSS_Transitions/Using_CSS_transitions},
	organization = {Mozilla},
	author={Mozilla},
	urldate = {2021-08-07},
}

@online{possible-transitions,
	title = {Animatable CSS properties},
	url = {https://developer.mozilla.org/en-US/docs/Web/CSS/CSS_animated_properties},
	organization = {Mozilla},
	author={Mozilla},
	urldate = {2021-08-07},
}

@online{modify-scroll,
	title = {How To - Custom Scrollbar},
	url = {https://www.w3schools.com/howto/howto_css_custom_scrollbar.asp},
	organization = {W3 Schools},
	author={{W3 Schools}},
	urldate = {2021-08-07},
}

@online{modify-scroll-mozilla,
	title = {CSS Scrollbars},
	url = {https://developer.mozilla.org/en-US/docs/Web/CSS/CSS_Scrollbars},
	organization = {Mozilla},
	author={{Mozilla}},
	urldate = {2021-08-07},
}

@online{fcc-debounce,
	title = {Debounce â€“ How to Delay a Function in JavaScript (JS ES6 Example)},
	url = {https://www.freecodecamp.org/news/javascript-debounce-example/},
	organization = {freeCodeCamp},
	author={{freeCodeCamp}},
	urldate = {2021-08-07},
}

@online{vue-custom-event,
	title = {Custom Events},
	url = {https://vuejs.org/v2/guide/components-custom-events.html},
	organization = {VueJS},
	author={{VueJS}},
	urldate = {2021-08-07},
}


@online{vue-lifecycle,
	title = {Lifecycle hooks},
	url = {https://vuejs.org/v2/guide/components-custom-events.html},
	organization = {VueJS},
	author={{VueJS}},
	urldate = {2021-08-07},
}
@online{vue-transitions,
	title = {Vue Transitions and Animations},
	url = {https://v3.vuejs.org/guide/transitions-overview.html#class-based-animations-transitions},
	organization = {VueJS},
	author={{VueJS}},
	urldate = {2021-08-27},
}

@online{vue-refs,
	title = {Vue Guide - vm.refs},
	url = {https://vuejs.org/v2/api/#vm-refs},
	organization = {VueJS},
	author={{VueJS}},
	urldate = {2021-08-07},
}

@online{vue-slots,
	title = {Vue Guide - Slots},
	url = {https://vuejs.org/v2/api/#vm-refs},
	organization = {VueJS},
	author={{VueJS}},
	urldate = {2021-08-07},
}

@online{vue-async,
	title = {Vue Guide - Dynamic and Async Components},
	url = {https://vuejs.org/v2/guide/components-dynamic-async.html},
	organization = {VueJS},
	author={{VueJS}},
	urldate = {2021-08-12},
}

@online{mvc-image,
	title = {MVC},
	url = {https://commons.wikimedia.org/wiki/File:MVC.gif},
	date={2006-12-18},
	author={Nils Neugier},
	urldate = {2021-08-11},
}

@online{cloudflare-CNAME,
	title = {What is a DNS CNAME record?},
	url = {https://www.cloudflare.com/learning/dns/dns-records/dns-cname-record/},
	author={Cloudflare},
	urldate = {2021-09-05},
}


@online{cloudflare-A,
	title = {What is a DNS A record?},
	url = {https://www.cloudflare.com/learning/dns/dns-records/dns-a-record/},
	author={Cloudflare},
	urldate = {2021-09-05},
}

@proceedings{mv-design,
	editor = {Artem Syromiatnikov and Danny Weyns},
	title = {A Journey through the Land of Model-View-Design Patterns},
	date = {2014},
	eventtitle = {WICSA},
	organization = {IEEE},
	isbn = {978-1-4799-3412-6},
}









